[gd_scene load_steps=9 format=3 uid="uid://ujvhok28k5pa"]

[ext_resource type="Script" path="res://Characters/character.gd" id="1_evkmp"]

[sub_resource type="CylinderShape3D" id="CylinderShape3D_lx14i"]
height = 0.214502
radius = 0.495314

[sub_resource type="AudioStreamGenerator" id="AudioStreamGenerator_r2efe"]
mix_rate = 48000.0
buffer_length = 0.05

[sub_resource type="FastNoiseLite" id="FastNoiseLite_2agk8"]
noise_type = 3
frequency = 0.0656

[sub_resource type="NoiseTexture2D" id="NoiseTexture2D_j1h7t"]
seamless = true
seamless_blend_skirt = 0.44
as_normal_map = true
bump_strength = 8.4
normalize = false
noise = SubResource("FastNoiseLite_2agk8")

[sub_resource type="NoiseTexture2D" id="NoiseTexture2D_kf6vh"]
seamless = true
seamless_blend_skirt = 0.44
as_normal_map = true
bump_strength = 8.4
normalize = false
noise = SubResource("FastNoiseLite_2agk8")

[sub_resource type="StandardMaterial3D" id="StandardMaterial3D_x5jp5"]
albedo_color = Color(0.478431, 0.454902, 0.309804, 1)
metallic = 1.0
metallic_texture = SubResource("NoiseTexture2D_j1h7t")
roughness = 0.79
roughness_texture = SubResource("NoiseTexture2D_kf6vh")
normal_enabled = true
normal_scale = 1.22
normal_texture = SubResource("NoiseTexture2D_kf6vh")

[sub_resource type="CylinderMesh" id="CylinderMesh_gdeco"]
material = SubResource("StandardMaterial3D_x5jp5")
height = 0.1
radial_segments = 6
rings = 1
cap_bottom = false

[node name="Character" type="Node3D" groups=["characters"]]
script = ExtResource("1_evkmp")

[node name="PickArea" type="Area3D" parent="."]

[node name="CollisionShape3D" type="CollisionShape3D" parent="PickArea"]
transform = Transform3D(1, 0, 0, 0, 1, 0, 0, 0, 1, 0, 0.054093, 0)
shape = SubResource("CylinderShape3D_lx14i")

[node name="player" type="AudioStreamPlayer3D" parent="." groups=["ASP"]]
stream = SubResource("AudioStreamGenerator_r2efe")
volume_db = 16.995
unit_size = 1.0

[node name="ground" type="MeshInstance3D" parent="."]
visible = false
mesh = SubResource("CylinderMesh_gdeco")

[node name="GPUParticlesCollisionSphere3D" type="GPUParticlesCollisionSphere3D" parent="."]
transform = Transform3D(1, 0, 0, 0, 1, 0, 0, 0, 1, 0, 0.224036, 0)
radius = 0.313925

[connection signal="mouse_entered" from="PickArea" to="." method="_on_pick_area_mouse_entered"]
[connection signal="mouse_exited" from="PickArea" to="." method="_on_pick_area_mouse_exited"]
